@article{greenwade93,
    author  = "Luciano Stork",
    course = "Processamento de Áudio e Vídeo"
    title   = "RLE em Imagens Coloridas com Cores Limitadas e Grandes Áreas de Cor Homogênea",
    year    = "2024",
    pages   = "7",
    referencies =  
1. https://pt.wikipedia.org/wiki/Codifica
2. Salomon and Motta, Handbook of Data Compression, Springer
3. https://www.cloudflare.com/pt-br/learning/performance/glossary/what-is-image-compression/
4. https://nbviewer.org/github/leolca/notebooks
5. https://www.wired.com/2009/03/racing-the-beam/
7

}
